% MONOID bibliography

@article {classification,
		author = {Araujo, J.  and Folgado, L. and Mitchell, J. D.},
		title = {A classification of permutation groups that define idempotent generated semigroups},
		journal ={submitted for publication},
		year = {2007},
}

@article {largest,
   AUTHOR = {Gray, R. and Mitchell, J. D.},
   TITLE = {Largest subsemigroups of the full transformation monoid},
   JOURNAL = {Discrete Math.},
   YEAR = 2005,
   Note = {to appear},
}

@article {computing,
   AUTHOR = {Araujo, J. and Bunau,  P. v. and Mitchell, J. D.},
   TITLE = {Computing automorphisms of semigroups},
   JOURNAL = {},
   YEAR = 2007,
   Note = {submitted for publication},
}

@article {lallement,
    AUTHOR = {Lallement, G. and McFadden, R.},
     TITLE = {On the determination of {G}reen's relations in finite
              transformation semigroups},
   JOURNAL = {J. Symbolic Comput.},
  FJOURNAL = {Journal of Symbolic Computation},
    VOLUME = {10},
      YEAR = {1990},
    NUMBER = {5},
     PAGES = {481--498},
      ISSN = {0747-7171},
   MRCLASS = {20M20 (68Q45)},
  MRNUMBER = {MR1087717 (91k:20076)},
MRREVIEWER = {Dominique Perrin},
}

@article {pfeiffer1,
    author = {Linton, S. A. and Pfeiffer, G.  and  Robertson, E. F. and  Ruskuc, N.},
     title = {Groups and actions in transformation semigroups},
   journal ={ Math. Z.},
   volume={ 228 },
   pages={435--450}
      year = {1998},
MRCLASS = {20M20 (68W30) },
  MRNUMBER = {MR1637855 (99e:20078) }, 
}

@article {pfeiffer2,
    author = {Linton, S. A. and Pfeiffer, G. and Robertson, E. F. and Ruskuc, N.},
     title = {Computing transformation semigroups},
   journal ={ J. Symbolic Comput. },
   volume={ 33 },
   pages={145--162}
      year = {2002},      MRCLASS = {20M20 (68W30) },
  MRNUMBER = {MR1879378 (2002k:20112) },
      
}
 
@book {howie,
    AUTHOR = {Howie, John M.},
     TITLE = {Fundamentals of semigroup theory},
    SERIES = {London Mathematical Society Monographs. New Series},
    VOLUME = {12},
      NOTE = {Oxford Science Publications},
 PUBLISHER = {The Clarendon Press Oxford University Press},
   ADDRESS = {New York},
      YEAR = {1995},
     PAGES = {x+351},
      ISBN = {0-19-851194-9},
   MRCLASS = {20Mxx (20-02)},
  MRNUMBER = {MR1455373 (98e:20059)},
}

@article {gomes1,
    AUTHOR = {Gomes, Gracinda M. S. and Howie, John M.},
     TITLE = {On the ranks of certain semigroups of order-preserving
              transformations},
   JOURNAL = {Semigroup Forum},
  FJOURNAL = {Semigroup Forum},
    VOLUME = {45},
      YEAR = {1992},
    NUMBER = {3},
     PAGES = {272--282},
      ISSN = {0037-1912},
     CODEN = {SMGFAN},
   MRCLASS = {20M20},
  MRNUMBER = {MR1179851 (93h:20070)},
MRREVIEWER = {Inessa Levi},
}

@article {arthur1,
    AUTHOR = {Arthur, Robert E. and Ruskuc, N.},
     TITLE = {Presentations for two extensions of the monoid of
              order-preserving mappings on a finite chain},
   JOURNAL = {Southeast Asian Bull. Math.},
  FJOURNAL = {Southeast Asian Bulletin of Mathematics},
    VOLUME = {24},
      YEAR = {2000},
    NUMBER = {1},
     PAGES = {1--7},
      ISSN = {0129-2021},
   MRCLASS = {20M05 (20M20)},
  MRNUMBER = {MR1811207 (2001k:20123)},
}
